{"ts": "2025-12-23T00:18:00+00:00", "symbol": "BTCUSDT", "side": "BUY", "level": 3, "px": 88566.9, "qty": 0.0007840259707365793, "notional": 69.43874974762954, "fee_est": 0.013887749949525909, "leg": "long", "cash": 30.547362502420924, "net_pos": 0.0007840259707365793, "unreal": 0.029636181693845742}
{"ts": "2025-12-23T00:35:00+00:00", "symbol": "BTCUSDT", "side": "SELL", "level": 3, "px": 88728.0, "qty": 0.0007837081385772424, "notional": 69.53685571968157, "fee_est": 0.013907371143936314, "leg": "long", "cash": 100.07031085095856, "net_pos": 3.1783215933688536e-07, "unreal": 5.4031467079409395e-05}
{"ts": "2025-12-23T00:40:00+00:00", "symbol": "BTCUSDT", "side": "BUY", "level": 1, "px": 88857.1, "qty": 0.0007822884311326014, "notional": 69.51188135399268, "fee_est": 0.013902376270798536, "leg": "long", "cash": 30.544527120695093, "net_pos": 0.0007826062632919383, "unreal": 0.009326988799472247}
{"ts": "2025-12-23T01:18:00+00:00", "symbol": "BTCUSDT", "side": "BUY", "level": 3, "px": 88568.0, "qty": 0.0007840259707365793, "notional": 69.43961217619736, "fee_est": 0.013887922435239472, "leg": "long", "cash": 30.546499901367397, "net_pos": 0.0007840259707365793, "unreal": 0.007134636333702815}
{"ts": "2025-12-23T02:05:00+00:00", "symbol": "BTCUSDT", "side": "BUY", "level": 4, "px": 88363.0, "qty": 0.0007852804122897579, "notional": 69.38973307115987, "fee_est": 0.013877946614231975, "leg": "long", "cash": 30.596388982225903, "net_pos": 0.0007852804122897579, "unreal": 0.06478563401391568}
{"ts": "2025-12-23T02:08:00+00:00", "symbol": "BTCUSDT", "side": "BUY", "level": 3, "px": 88552.8, "qty": 0.0007732159350567345, "notional": 68.470436053892, "fee_est": 0.0136940872107784, "leg": "long", "cash": -37.88774115887688, "net_pos": 0.0015584963473464922, "unreal": 0.2120094746853738}
{"ts": "2025-12-23T02:09:00+00:00", "symbol": "BTCUSDT", "side": "SELL", "level": 4, "px": 88577.1, "qty": 0.0007852056336213538, "notional": 69.55123792984202, "fee_est": 0.013910247585968405, "leg": "long", "cash": 31.64958652337917, "net_pos": 0.0007732907137251384, "unreal": 0.014397400266545901}
{"ts": "2025-12-23T02:22:00+00:00", "symbol": "BTCUSDT", "side": "SELL", "level": 3, "px": 88715.88206473476, "qty": 0.0007732159350567345, "notional": 68.59653370506686, "fee_est": 0.013719306741013373, "leg": "long", "cash": 100.23240092170502, "net_pos": 7.477866840392526e-08, "unreal": 2.2568202125768967e-05}
{"ts": "2025-12-23T02:24:00+00:00", "symbol": "BTCUSDT", "side": "BUY", "level": 2, "px": 88669.0, "qty": 0.0007846434828681628, "notional": 69.57355298243712, "fee_est": 0.013914710596487426, "leg": "long", "cash": 30.64493322867142, "net_pos": 0.0007847182615365667, "unreal": 0.038474077087826686}
{"ts": "2025-12-23T02:46:00+00:00", "symbol": "BTCUSDT", "side": "BUY", "level": 6, "px": 88128.4, "qty": 0.0007746170646006174, "notional": 68.26576251594905, "fee_est": 0.013653152503189811, "leg": "long", "cash": -37.634482439780825, "net_pos": 0.0015593353261371841, "unreal": -0.30225578741021764}
{"ts": "2025-12-23T03:03:00+00:00", "symbol": "BTCUSDT", "side": "BUY", "level": 7, "px": 88009.54902036098, "qty": 0.0007626856682005195, "notional": 67.12362170262038, "fee_est": 0.013424724340524077, "leg": "long", "cash": -104.77152886674173, "net_pos": 0.0023220209943377035, "unreal": -0.46567286566968846}
{"ts": "2025-12-23T03:08:00+00:00", "symbol": "BTCUSDT", "side": "BUY", "level": 8, "px": 87868.95868646263, "qty": 0.0007491715677233079, "notional": 65.82892553335178, "fee_est": 0.013165785106670356, "leg": "long", "cash": -170.61362018520018, "net_pos": 0.0030711925620610114, "unreal": -0.8913188739455791}
{"ts": "2025-12-23T03:09:00+00:00", "symbol": "BTCUSDT", "side": "SELL", "level": 8, "px": 88009.54902036098, "qty": 0.0007491715677233079, "notional": 65.93425181420515, "fee_est": 0.013186850362841031, "leg": "long", "cash": -104.69255522135786, "net_pos": 0.0023220209943377035, "unreal": -0.6851038496346007}
{"ts": "2025-12-23T03:16:00+00:00", "symbol": "BTCUSDT", "side": "SELL", "level": 7, "px": 88150.36429879356, "qty": 0.0007626856682005195, "notional": 67.23101949734458, "fee_est": 0.013446203899468916, "leg": "long", "cash": -37.47498192791275, "net_pos": 0.001559335326137184, "unreal": -0.33344249393297787}
{"ts": "2025-12-23T03:40:00+00:00", "symbol": "BTCUSDT", "side": "BUY", "level": 5, "px": 88263.2, "qty": 0.0007642127728435572, "notional": 67.45186481204546, "fee_est": 0.013490372962409092, "leg": "long", "cash": -104.94033711292062, "net_pos": 0.002323548098980741, "unreal": -0.11826722627290565}
{"ts": "2025-12-23T03:41:00+00:00", "symbol": "BTCUSDT", "side": "SELL", "level": 6, "px": 88296.0, "qty": 0.0007746170646006174, "notional": 68.39558833597611, "fee_est": 0.013679117667195224, "leg": "long", "cash": -36.5584278946117, "net_pos": 0.0015489310343801237, "unreal": -0.261260233090411}
{"ts": "2025-12-23T03:48:00+00:00", "symbol": "BTCUSDT", "side": "BUY", "level": 6, "px": 88146.3, "qty": 0.0007641420462426186, "notional": 67.35629405071573, "fee_est": 0.013471258810143147, "leg": "long", "cash": -103.92819320413757, "net_pos": 0.002313073080622742, "unreal": -0.41343950757894277}
{"ts": "2025-12-23T04:10:00+00:00", "symbol": "BTCUSDT", "side": "SELL", "level": 6, "px": 88291.40488167164, "qty": 0.0007641420462426186, "notional": 67.4671747919161, "fee_est": 0.013493434958383219, "leg": "long", "cash": -36.474511847179855, "net_pos": 0.0015489310343801237, "unreal": -0.27674954343419245}
{"ts": "2025-12-23T04:34:00+00:00", "symbol": "BTCUSDT", "side": "BUY", "level": 6, "px": 88105.5, "qty": 0.0007644346202697824, "notional": 67.35089443617932, "fee_est": 0.013470178887235864, "leg": "long", "cash": -103.8388764622464, "net_pos": 0.002313365654649906, "unreal": -0.45210333408851966}
{"ts": "2025-12-23T04:53:00+00:00", "symbol": "BTCUSDT", "side": "BUY", "level": 7, "px": 87978.9, "qty": 0.0007515491843129839, "notional": 66.12047053175358, "fee_est": 0.013224094106350717, "leg": "long", "cash": -169.97257108810635, "net_pos": 0.00306491483896289, "unreal": -0.7605419442516563}
{"ts": "2025-12-23T07:51:00+00:00", "symbol": "BTCUSDT", "side": "BUY", "level": 10, "px": 87582.2, "qty": 0.0005624982471575166, "notional": 49.26483398219905, "fee_est": 0.009852966796439811, "leg": "long", "cash": -219.24725803710183, "net_pos": 0.0036274130861204063, "unreal": -1.9857990720436192}
{"ts": "2025-12-23T08:46:00+00:00", "symbol": "BTCUSDT", "side": "BUY", "level": 11, "px": 87448.53376147903, "qty": 0.0007235032581760028, "notional": 63.26929909914426, "fee_est": 0.012653859819828852, "leg": "long", "cash": -282.5292109960659, "net_pos": 0.004350916344296409, "unreal": -2.4933272900382235}
{"ts": "2025-12-23T09:18:00+00:00", "symbol": "BTCUSDT", "side": "SELL", "level": 11, "px": 87588.4514154974, "qty": 0.0007235032581760028, "notional": 63.3705299777029, "fee_est": 0.01267410599554058, "leg": "long", "cash": -219.17135512435854, "net_pos": 0.0036274130861204063, "unreal": -2.011916446263683}
{"ts": "2025-12-23T09:40:00+00:00", "symbol": "BTCUSDT", "side": "BUY", "level": 12, "px": 87302.6, "qty": 0.0005222140471207878, "notional": 45.590644070167286, "fee_est": 0.009118128814033458, "leg": "long", "cash": -264.77111732333987, "net_pos": 0.004149627133241194, "unreal": -2.8337483527676}
{"ts": "2025-12-23T09:44:00+00:00", "symbol": "BTCUSDT", "side": "BUY", "level": 11, "px": 87440.0, "qty": 0.0005084169752850374, "notional": 44.45598031892367, "fee_est": 0.008891196063784735, "leg": "long", "cash": -309.23598883832733, "net_pos": 0.0046580441085262315, "unreal": -2.4754127723145984}
{"ts": "2025-12-23T09:45:00+00:00", "symbol": "BTCUSDT", "side": "SELL", "level": 12, "px": 87459.1, "qty": 0.0005222140471207878, "notional": 45.672370568541695, "fee_est": 0.00913447411370834, "leg": "long", "cash": -263.57275274389934, "net_pos": 0.004135830061405443, "unreal": -2.5756438375504445}
{"ts": "2025-12-23T10:26:00+00:00", "symbol": "BTCUSDT", "side": "SELL", "level": 11, "px": 87588.4514154974, "qty": 0.0005084169752850374, "notional": 44.53145553856765, "fee_est": 0.00890629110771353, "leg": "long", "cash": -219.0502034964394, "net_pos": 0.003627413086120406, "unreal": -1.961132663058038}
{"ts": "2025-12-23T11:18:00+00:00", "symbol": "BTCUSDT", "side": "BUY", "level": 9, "px": 87711.5, "qty": 0.0007300647395174085, "notional": 64.03507340018118, "fee_est": 0.012807014680036236, "leg": "long", "cash": -283.0980839113006, "net_pos": 0.004357477825637814, "unreal": -1.4446408115526879}
{"ts": "2025-12-23T11:19:00+00:00", "symbol": "BTCUSDT", "side": "SELL", "level": 10, "px": 87754.8, "qty": 0.0005624982471575166, "notional": 49.36192117965844, "fee_est": 0.009872384235931689, "leg": "long", "cash": -233.7460351158781, "net_pos": 0.003794979578480298, "unreal": -1.3066200151277485}
{"ts": "2025-12-23T12:09:00+00:00", "symbol": "BTCUSDT", "side": "BUY", "level": 8, "px": 87811.7, "qty": 0.0007297212329280798, "notional": 64.07806198951067, "fee_est": 0.012815612397902135, "leg": "long", "cash": -297.8369127177867, "net_pos": 0.0045247008114083775, "unreal": -1.0269932903991617}
{"ts": "2025-12-23T12:10:00+00:00", "symbol": "BTCUSDT", "side": "SELL", "level": 9, "px": 87877.9, "qty": 0.0007300647395174085, "notional": 64.15655617283686, "fee_est": 0.012831311234567372, "leg": "long", "cash": -233.69318785618438, "net_pos": 0.003794636071890969, "unreal": -1.388119636515171}
{"ts": "2025-12-23T12:15:00+00:00", "symbol": "BTCUSDT", "side": "BUY", "level": 9, "px": 87728.59293776221, "qty": 0.0007281245250548617, "notional": 63.8773400665394, "fee_est": 0.01277546801330788, "leg": "long", "cash": -297.5833033907371, "net_pos": 0.00452276059694583, "unreal": -1.5322769767818158}
{"ts": "2025-12-23T12:31:00+00:00", "symbol": "BTCUSDT", "side": "BUY", "level": 10, "px": 87588.4514154974, "qty": 0.0007147598113812517, "notional": 62.60470501291685, "fee_est": 0.012520941002583372, "leg": "long", "cash": -360.20052934465656, "net_pos": 0.005237520408327082, "unreal": -1.9759786355198798}
{"ts": "2025-12-23T12:32:00+00:00", "symbol": "BTCUSDT", "side": "SELL", "level": 10, "px": 87728.59293776221, "qty": 0.0007147598113812517, "notional": 62.70487254093753, "fee_est": 0.012540974508187506, "leg": "long", "cash": -297.5081977782272, "net_pos": 0.00452276059694583, "unreal": -1.6580097213769136}
{"ts": "2025-12-23T12:44:00+00:00", "symbol": "BTCUSDT", "side": "SELL", "level": 9, "px": 87868.95868646263, "qty": 0.0007281245250548617, "notional": 63.97954381064587, "fee_est": 0.012795908762129176, "leg": "long", "cash": -233.54144987634348, "net_pos": 0.0037946360718909685, "unreal": -1.219258331316098}
{"ts": "2025-12-23T13:00:00+00:00", "symbol": "BTCUSDT", "side": "BUY", "level": 9, "px": 87728.59293776221, "qty": 0.0007285330661310673, "notional": 63.9131808003122, "fee_est": 0.01278263616006244, "leg": "long", "cash": -297.4674133128157, "net_pos": 0.004523169138022036, "unreal": -1.6466995078166065}
{"ts": "2025-12-23T13:39:00+00:00", "symbol": "BTCUSDT", "side": "BUY", "level": 11, "px": 87448.53376147903, "qty": 0.0007133256367825883, "notional": 62.3792810311107, "fee_est": 0.01247585620622214, "leg": "long", "cash": -359.85917020013267, "net_pos": 0.0052364947748046245, "unreal": -2.48058735502309}
{"ts": "2025-12-23T13:41:00+00:00", "symbol": "BTCUSDT", "side": "BUY", "level": 10, "px": 87562.4, "qty": 0.0007035593492252407, "notional": 61.605345160600216, "fee_est": 0.012321069032120043, "leg": "long", "cash": -421.476836429765, "net_pos": 0.0059400541240298655, "unreal": -2.1857606497627557}
{"ts": "2025-12-23T13:42:00+00:00", "symbol": "BTCUSDT", "side": "SELL", "level": 11, "px": 87588.4514154974, "qty": 0.0007133256367825883, "notional": 62.47908788076048, "fee_est": 0.012495817576152098, "leg": "long", "cash": -359.01024436658065, "net_pos": 0.005226728487247277, "unreal": -2.1915223410680937}
{"ts": "2025-12-23T14:08:00+00:00", "symbol": "BTCUSDT", "side": "SELL", "level": 10, "px": 87728.59293776221, "qty": 0.0007035593492252407, "notional": 61.72227175573803, "fee_est": 0.012344454351147607, "leg": "long", "cash": -297.3003170651938, "net_pos": 0.004523169138022036, "unreal": -1.745304595025459}
{"ts": "2025-12-23T14:18:00+00:00", "symbol": "BTCUSDT", "side": "BUY", "level": 10, "px": 87565.6, "qty": 0.0005651636261506006, "notional": 49.48889202205304, "fee_est": 0.009897778404410609, "leg": "long", "cash": -346.7991068656512, "net_pos": 0.005088332764172637, "unreal": -2.1280346133922308}
{"ts": "2025-12-23T14:31:00+00:00", "symbol": "BTCUSDT", "side": "SELL", "level": 10, "px": 87728.59293776221, "qty": 0.0005651636261506006, "notional": 49.58100970179566, "fee_est": 0.009916201940359132, "leg": "long", "cash": -297.2280133657959, "net_pos": 0.004523169138022036, "unreal": -2.157817620413084}
{"ts": "2025-12-23T14:33:00+00:00", "symbol": "BTCUSDT", "side": "BUY", "level": 11, "px": 87448.53376147903, "qty": 0.000536894091137606, "notional": 46.950601055185544, "fee_est": 0.00939012021103711, "leg": "long", "cash": -344.18800454119247, "net_pos": 0.005060063229159642, "unreal": -2.270222481734095}
{"ts": "2025-12-23T14:34:00+00:00", "symbol": "BTCUSDT", "side": "SELL", "level": 11, "px": 87627.5, "qty": 0.000536894091137606, "notional": 47.046686971160575, "fee_est": 0.009409337394232116, "leg": "long", "cash": -297.15072690742613, "net_pos": 0.004523169138022036, "unreal": -1.986389510082006}
{"ts": "2025-12-23T14:38:00+00:00", "symbol": "BTCUSDT", "side": "BUY", "level": 12, "px": 87308.83961809009, "qty": 0.0005301752641863673, "notional": 46.28898711032608, "fee_est": 0.009257797422065218, "leg": "long", "cash": -343.4489718151743, "net_pos": 0.005053344402208403, "unreal": -3.3229480186743103}
{"ts": "2025-12-23T14:41:00+00:00", "symbol": "BTCUSDT", "side": "SELL", "level": 12, "px": 87448.53376147903, "qty": 0.0005301752641863673, "notional": 46.363049489702604, "fee_est": 0.009272609897940522, "leg": "long", "cash": -297.0951949353696, "net_pos": 0.004523169138022036, "unreal": -2.9688218468604646}
{"ts": "2025-12-23T14:43:00+00:00", "symbol": "BTCUSDT", "side": "BUY", "level": 11, "px": 87448.53376147903, "qty": 0.0005186764543463822, "notional": 45.35749542919384, "fee_est": 0.009071499085838769, "leg": "long", "cash": -342.46176186364926, "net_pos": 0.005041845592368418, "unreal": -2.796518074111532}
{"ts": "2025-12-23T14:46:00+00:00", "symbol": "BTCUSDT", "side": "BUY", "level": 13, "px": 87169.36862828484, "qty": 0.0004887885951566892, "notional": 42.60739323251492, "fee_est": 0.008521478646502986, "leg": "long", "cash": -385.07767657481065, "net_pos": 0.005530634187525107, "unreal": -4.072077411295936}
{"ts": "2025-12-23T15:17:00+00:00", "symbol": "BTCUSDT", "side": "SELL", "level": 13, "px": 87308.83961809009, "qty": 0.0004887885951566892, "notional": 42.675565061686946, "fee_est": 0.00853511301233739, "leg": "long", "cash": -342.41064662613604, "net_pos": 0.005041845592368418, "unreal": -4.055971103085199}
{"ts": "2025-12-23T16:03:00+00:00", "symbol": "BTCUSDT", "side": "SELL", "level": 8, "px": 88009.54902036098, "qty": 0.0007297212329280798, "notional": 64.2224366205821, "fee_est": 0.012844487324116421, "leg": "long", "cash": -278.20105449287803, "net_pos": 0.004312124359440338, "unreal": -0.2036320440213899}
{"ts": "2025-12-23T16:04:00+00:00", "symbol": "BTCUSDT", "side": "SELL", "level": 7, "px": 88150.36429879356, "qty": 0.0007515491843129839, "notional": 66.24933438565068, "fee_est": 0.013249866877130137, "leg": "long", "cash": -211.96496997410446, "net_pos": 0.0035605751751273543, "unreal": 0.0654780351694626}
{"ts": "2025-12-23T16:05:00+00:00", "symbol": "BTCUSDT", "side": "SELL", "level": 9, "px": 88052.4, "qty": 0.0007285330661310673, "notional": 64.14908495219919, "fee_est": 0.012829816990439839, "leg": "long", "cash": -147.82871483889573, "net_pos": 0.002832042108996287, "unreal": -0.7923025739113712}
{"ts": "2025-12-23T16:06:00+00:00", "symbol": "BTCUSDT", "side": "SELL", "level": 11, "px": 87830.7, "qty": 0.0005186764543463822, "notional": 45.55571605876079, "fee_est": 0.009111143211752158, "leg": "long", "cash": -102.2821099233467, "net_pos": 0.002313365654649905, "unreal": -1.014945197864904}
{"ts": "2025-12-23T16:09:00+00:00", "symbol": "BTCUSDT", "side": "BUY", "level": 9, "px": 87728.59293776221, "qty": 0.0007615482696952988, "notional": 66.80955815455602, "fee_est": 0.013361911630911204, "leg": "long", "cash": -169.10502998953362, "net_pos": 0.003074913924345204, "unreal": -1.3687811914024337}
{"ts": "2025-12-23T16:13:00+00:00", "symbol": "BTCUSDT", "side": "BUY", "level": 10, "px": 87588.4514154974, "qty": 0.0007487959128283853, "notional": 65.58587443089205, "fee_est": 0.01311717488617841, "leg": "long", "cash": -234.70402159531184, "net_pos": 0.0038237098371735894, "unreal": -1.6083901092491146}
{"ts": "2025-12-23T16:15:00+00:00", "symbol": "BTCUSDT", "side": "SELL", "level": 10, "px": 87749.6, "qty": 0.0007487959128283853, "notional": 65.70654183232568, "fee_est": 0.013141308366465137, "leg": "long", "cash": -169.01062107135263, "net_pos": 0.003074913924345204, "unreal": -1.3318822243102773}
{"ts": "2025-12-23T16:16:00+00:00", "symbol": "BTCUSDT", "side": "SELL", "level": 9, "px": 87868.95868646263, "qty": 0.0007615482696952988, "notional": 66.91645344760332, "fee_est": 0.013383290689520664, "leg": "long", "cash": -102.10755091443883, "net_pos": 0.002313365654649905, "unreal": -1.184514900350763}
{"ts": "2025-12-23T16:17:00+00:00", "symbol": "BTCUSDT", "side": "BUY", "level": 8, "px": 87809.7, "qty": 0.0007649890921679266, "notional": 67.17346268653799, "fee_est": 0.013434692537307598, "leg": "long", "cash": -169.2944482935141, "net_pos": 0.0030783547468178317, "unreal": -0.8692616455917346}
{"ts": "2025-12-23T16:33:00+00:00", "symbol": "BTCUSDT", "side": "BUY", "level": 9, "px": 87664.9, "qty": 0.000750162135320811, "notional": 65.76288857668537, "fee_est": 0.013152577715337075, "leg": "long", "cash": -235.0704894479148, "net_pos": 0.0038285168821386426, "unreal": -1.4446336464029628}
{"ts": "2025-12-23T16:47:00+00:00", "symbol": "BTCUSDT", "side": "BUY", "level": 7, "px": 87777.5, "qty": 0.0007450523793952025, "notional": 65.39883523236239, "fee_est": 0.013079767046472478, "leg": "long", "cash": -300.4824044473237, "net_pos": 0.004573569261533845, "unreal": -0.15802827662855634}
{"ts": "2025-12-23T16:48:00+00:00", "symbol": "BTCUSDT", "side": "SELL", "level": 8, "px": 88011.2, "qty": 0.0007649890921679266, "notional": 67.32760798860981, "fee_est": 0.013465521597721963, "leg": "long", "cash": -233.1682619803116, "net_pos": 0.0038085801693659186, "unreal": -0.5545003243185533}
{"ts": "2025-12-23T16:49:00+00:00", "symbol": "BTCUSDT", "side": "SELL", "level": 9, "px": 87956.7, "qty": 0.000750162135320811, "notional": 65.98178588777198, "fee_est": 0.013196357177554395, "leg": "long", "cash": -167.19967244971718, "net_pos": 0.0030584180340451077, "unreal": -0.9877927395916686}
{"ts": "2025-12-23T16:50:00+00:00", "symbol": "BTCUSDT", "side": "BUY", "level": 8, "px": 87868.95868646263, "qty": 0.0007584614556672633, "notional": 66.64521831330107, "fee_est": 0.013329043662660215, "leg": "long", "cash": -233.85821980668092, "net_pos": 0.003816879489712371, "unreal": -0.5415783491129105}
{"ts": "2025-12-23T16:51:00+00:00", "symbol": "BTCUSDT", "side": "SELL", "level": 8, "px": 88009.54902036098, "qty": 0.0007584614556672633, "notional": 66.75185066260237, "fee_est": 0.013350370132520474, "leg": "long", "cash": -167.11971951421106, "net_pos": 0.0030584180340451077, "unreal": -0.4941640688968505}
{"ts": "2025-12-23T17:08:00+00:00", "symbol": "BTCUSDT", "side": "SELL", "level": 7, "px": 88150.36429879356, "qty": 0.0007450523793952025, "notional": 65.67663866537005, "fee_est": 0.01313532773307401, "leg": "long", "cash": -101.45621617657407, "net_pos": 0.002313365654649905, "unreal": -0.34753920649845327}
{"ts": "2025-12-23T17:13:00+00:00", "symbol": "BTCUSDT", "side": "BUY", "level": 8, "px": 87837.6, "qty": 0.000769078126773445, "notional": 67.55397686827516, "fee_est": 0.013510795373655031, "leg": "long", "cash": -169.02370384022288, "net_pos": 0.00308244378142335, "unreal": -1.0686906957271276}
{"ts": "2025-12-23T17:20:00+00:00", "symbol": "BTCUSDT", "side": "SELL", "level": 8, "px": 88009.54902036098, "qty": 0.000769078126773445, "notional": 67.6862190987549, "fee_est": 0.013537243819750982, "leg": "long", "cash": -101.35102198528773, "net_pos": 0.002313365654649905, "unreal": -0.8014215479407767}
{"ts": "2025-12-23T17:22:00+00:00", "symbol": "BTCUSDT", "side": "BUY", "level": 8, "px": 87868.95868646263, "qty": 0.0007715549613507024, "notional": 67.79573102326015, "fee_est": 0.013559146204652029, "leg": "long", "cash": -169.16031215475255, "net_pos": 0.0030849206160006074, "unreal": -0.8151513952128084}
{"ts": "2025-12-23T17:28:00+00:00", "symbol": "BTCUSDT", "side": "BUY", "level": 9, "px": 87728.59293776221, "qty": 0.0007570864304765751, "notional": 66.41812727798286, "fee_est": 0.013283625455596573, "leg": "long", "cash": -235.591723058191, "net_pos": 0.0038420070464771825, "unreal": -1.3177372088794073}
{"ts": "2025-12-23T17:51:00+00:00", "symbol": "BTCUSDT", "side": "BUY", "level": 11, "px": 87448.53376147903, "qty": 0.0007385186408921609, "notional": 64.58237230153975, "fee_est": 0.01291647446030795, "leg": "long", "cash": -300.1870118341911, "net_pos": 0.004580525687369343, "unreal": -2.525149152411757}
{"ts": "2025-12-23T18:00:00+00:00", "symbol": "BTCUSDT", "side": "BUY", "level": 13, "px": 87135.0, "qty": 0.0007205553579692516, "notional": 62.785591116650735, "fee_est": 0.012557118223330147, "leg": "long", "cash": -362.98516006906516, "net_pos": 0.005301081045338595, "unreal": -3.688740031760176}
{"ts": "2025-12-23T18:02:00+00:00", "symbol": "BTCUSDT", "side": "BUY", "level": 12, "px": 87289.1, "qty": 0.0007133593824559997, "notional": 62.268498471140006, "fee_est": 0.012453699694228002, "leg": "long", "cash": -425.26611223989937, "net_pos": 0.006014440427794594, "unreal": -2.980128648554114}
{"ts": "2025-12-23T18:03:00+00:00", "symbol": "BTCUSDT", "side": "SELL", "level": 13, "px": 87308.83961809009, "qty": 0.0007205553579692516, "notional": 62.910852184892875, "fee_est": 0.012582170436978575, "leg": "long", "cash": -362.3678422254435, "net_pos": 0.0052938850698253425, "unreal": -3.1130784494553723}
{"ts": "2025-12-23T18:08:00+00:00", "symbol": "BTCUSDT", "side": "SELL", "level": 12, "px": 87448.53376147903, "qty": 0.0007133593824559997, "notional": 62.38223204077132, "fee_est": 0.012476446408154264, "leg": "long", "cash": -299.99808663108035, "net_pos": 0.004580525687369343, "unreal": -2.4967498931500813}
{"ts": "2025-12-23T18:17:00+00:00", "symbol": "BTCUSDT", "side": "SELL", "level": 11, "px": 87638.2, "qty": 0.0007385186408921609, "notional": 64.72244435423538, "fee_est": 0.012944488870847076, "leg": "long", "cash": -235.28858676571582, "net_pos": 0.003842007046477182, "unreal": -1.3200424131072737}
{"ts": "2025-12-23T18:32:00+00:00", "symbol": "BTCUSDT", "side": "SELL", "level": 9, "px": 87868.95868646263, "qty": 0.0007570864304765751, "notional": 66.52439628162765, "fee_est": 0.013304879256325529, "leg": "long", "cash": -168.77749536334449, "net_pos": 0.003084920616000607, "unreal": -1.073050758710508}
{"ts": "2025-12-23T18:35:00+00:00", "symbol": "BTCUSDT", "side": "SELL", "level": 8, "px": 88009.54902036098, "qty": 0.0007715549613507024, "notional": 67.90420419289737, "fee_est": 0.013580840838579473, "leg": "long", "cash": -100.8868720112857, "net_pos": 0.0023133656546499046, "unreal": -0.8999709248288923}
{"ts": "2025-12-23T18:37:00+00:00", "symbol": "BTCUSDT", "side": "BUY", "level": 7, "px": 87948.4, "qty": 0.0005475453167331825, "notional": 48.155734534176624, "fee_est": 0.009631146906835326, "leg": "long", "cash": -149.05223769236915, "net_pos": 0.002860910971383087, "unreal": -0.6311520355768039}
{"ts": "2025-12-23T18:48:00+00:00", "symbol": "BTCUSDT", "side": "BUY", "level": 8, "px": 87868.95868646263, "qty": 0.0007128630428055917, "notional": 62.638533257390584, "fee_est": 0.012527706651478118, "leg": "long", "cash": -211.70329865641122, "net_pos": 0.003573774014188679, "unreal": -1.0599633351899342}
{"ts": "2025-12-23T19:05:00+00:00", "symbol": "BTCUSDT", "side": "SELL", "level": 8, "px": 88009.54902036098, "qty": 0.0007128630428055917, "notional": 62.73875491060242, "fee_est": 0.012547750982120484, "leg": "long", "cash": -148.97709149679093, "net_pos": 0.002860910971383087, "unreal": -0.9421330581661493}
{"ts": "2025-12-23T19:13:00+00:00", "symbol": "BTCUSDT", "side": "BUY", "level": 8, "px": 87816.3, "qty": 0.0007652581396712066, "notional": 67.20213837080858, "fee_est": 0.013440427674161717, "leg": "long", "cash": -216.19267029527367, "net_pos": 0.0036261691110542936, "unreal": -1.103873761115949}
